[gd_scene load_steps=7 format=3 uid="uid://bav4lfkwa2q7k"]

[ext_resource type="Script" path="res://ui/ui.gd" id="1_egdd1"]
[ext_resource type="PackedScene" uid="uid://cpjdk1u7n85yr" path="res://console.tscn" id="2_k14uv"]
[ext_resource type="PackedScene" uid="uid://lgv4jkxqedy4" path="res://player_sheets.tscn" id="3_jfge5"]
[ext_resource type="PackedScene" uid="uid://ho2jbmrr5mtw" path="res://network_menu.tscn" id="4_scm15"]
[ext_resource type="Script" path="res://network/connection_observer.gd" id="5_4kymu"]
[ext_resource type="Script" path="res://network/connection_controller.gd" id="6_tk5xi"]

[node name="UI" type="Control"]
layout_mode = 3
anchors_preset = 15
anchor_right = 1.0
anchor_bottom = 1.0
grow_horizontal = 2
grow_vertical = 2
script = ExtResource("1_egdd1")

[node name="Layout" type="VSplitContainer" parent="."]
layout_mode = 1
anchors_preset = 15
anchor_right = 1.0
anchor_bottom = 1.0
grow_horizontal = 2
grow_vertical = 2

[node name="TopBar" type="PanelContainer" parent="Layout"]
layout_mode = 2
size_flags_vertical = 3

[node name="Console" parent="Layout/TopBar" instance=ExtResource("2_k14uv")]
layout_mode = 2

[node name="Split" type="VSplitContainer" parent="Layout"]
layout_mode = 2
size_flags_vertical = 3
size_flags_stretch_ratio = 3.0

[node name="Contents" type="ScrollContainer" parent="Layout/Split"]
layout_mode = 2
size_flags_horizontal = 3
size_flags_vertical = 3
vertical_scroll_mode = 0

[node name="PlayerSheets" parent="Layout/Split/Contents" instance=ExtResource("3_jfge5")]
layout_mode = 2

[node name="BottomBar" type="PanelContainer" parent="Layout/Split"]
layout_mode = 2

[node name="NetworkMenu" parent="Layout/Split/BottomBar" instance=ExtResource("4_scm15")]
layout_mode = 2

[node name="ConnectionObserver" type="Node" parent="."]
script = ExtResource("5_4kymu")

[node name="ConnectionController" type="Node" parent="."]
script = ExtResource("6_tk5xi")

[connection signal="disconnection_requested" from="Layout/Split/BottomBar/NetworkMenu" to="ConnectionController" method="leave"]
[connection signal="join_requested" from="Layout/Split/BottomBar/NetworkMenu" to="ConnectionController" method="join"]
[connection signal="player_connected" from="ConnectionObserver" to="Layout/Split/Contents/PlayerSheets" method="_on_player_connected"]
[connection signal="player_disconnected" from="ConnectionObserver" to="Layout/Split/Contents/PlayerSheets" method="_on_player_disconnected"]
[connection signal="state_changed" from="ConnectionObserver" to="Layout/Split/Contents/PlayerSheets" method="_on_connection_state_changed"]
[connection signal="state_changed" from="ConnectionObserver" to="Layout/Split/BottomBar/NetworkMenu" method="_on_connection_state_changed"]
